% This file was created with JabRef 2.9.2.
% Encoding: UTF8

@ARTICLE{Chen:1988:IPP,
  author = {Pehong Chen and Michael A. Harrison},
  title = {Index Preparation and Processing},
  journal = {Software---Practice and Experience},
  year = {1988},
  volume = {19},
  pages = {897--915},
  number = {9},
  month = sep,
  note = {The {\LaTeX} text of this paper is included in the {\tt makeindex}
	software distribution.},
  coden = {SPEXBL},
  issn = {0038-0644},
  owner = {Leo},
  timestamp = {2014.02.08},
  url = {CTAN://indexing/makeindex/paper/ind.pdf}
}

@MANUAL{Lamport1987,
  title = {MakeIndex: An Index Processor For {{\LaTeX}}},
  author = {Leslie Lamport},
  month = feb,
  year = {1987},
  owner = {Leo},
  timestamp = {2011.01.08},
  url = {CTAN://indexing/makeindex/doc/makeindex.pdf}
}

@MANUAL{Rodgers1991,
  title = {Makeindex(1)---Manual Page},
  author = {Rick P. C. Rodgers},
  organization = {UCSF School of Pharmacy},
  month = dec,
  year = {1991},
  owner = {Leo},
  timestamp = {2011.01.08},
  url = {CTAN://indexing/makeindex/doc/manpages.dvi}
}

